@article{kirchhoff,
  title={Kirchhoff-Type Implementation of Multi-Arrival 3-D Seismic Depth Migration with Amplitudes Preserved},
  author={Pleshkevich, Alexandr and Ivanov, Anton and Levchenko, Vadim and Khilkov, Sergey},
  booktitle={Russian Supercomputing Days},
  pages={237--248},
  year={2020},
  organization={Springer}
}

@article{multiarrival,
  title={Multiarrival Kirchhoff beam migration},
  author={Liu, Jonathan and Palacharla, Gopal},
  journal={Geophysics},
  volume={76},
  number={5},
  pages={WB109--WB118},
  year={2011},
  publisher={Society of Exploration Geophysicists}
}

@article{thomsen1986weak,
  title={Weak elastic anisotropy},
  author={Thomsen, Leon},
  journal={Geophysics},
  volume={51},
  number={10},
  pages={1954--1966},
  year={1986},
  publisher={Society of Exploration Geophysicists}
}

@article{aiwlib,
  title={Aiwlib library as the instrument for creating numerical modeling applications},
  author={Ivanov, A and Khilkov, S},
  journal={Scientific Visualization},
  volume={10},
  number={1},
  pages={110--127},
  year={2018}
}

@book{cormen2009introduction,
  title={Introduction to algorithms},
  author={Cormen, Thomas H and Leiserson, Charles E and Rivest, Ronald L and Stein, Clifford},
  year={2009},
  publisher={MIT press}
}

@book{wanner1996solving,
  title={Solving ordinary differential equations II},
  author={Wanner, Gerhard and Hairer, Ernst},
  volume={375},
  year={1996},
  publisher={Springer Berlin Heidelberg}
}

@article{vasiliev2002methods,
  title={Методы оптимизации},
  author={Васильев, Ф. П.},
  journal={М.: Факториал пресс},
  volume={824},
  pages={6},
  year={2002}
}

@article{nesterov1984methods,
  title={Методы минимизации негладких и квазивыпуклых функций},
  author={Нестеров, Ю. Е.},
  journal={Экономика и математические методы},
  volume={11},
  pages={1},
  year={1984}
}

@book{dennis1996numerical,
  title={Numerical methods for unconstrained optimization and nonlinear equations},
  author={Dennis Jr, John E and Schnabel, Robert B},
  year={1996},
  publisher={SIAM}
}

@book{tarjan1983data,
  title={Data structures and network algorithms},
  author={Tarjan, Robert Endre},
  year={1983},
  publisher={SIAM}
}
